<?xml version="1.0" encoding="UTF-8"?><collection xmlns="http://www.loc.gov/MARC21/slim"><record><leader>00542nam--2200169-i-4500</leader><controlfield tag="001">000042466</controlfield><controlfield tag="002">20161230</controlfield><controlfield tag="005">20161230201043</controlfield><controlfield tag="008">060222s1000------------r-----000-0-eng-d</controlfield><datafield ind1=" " ind2=" " tag="040"><subfield code="a">IFIN-HH</subfield></datafield><datafield ind1=" " ind2=" " tag="080"><subfield code="a">621.382:621.315.592</subfield></datafield><datafield ind1="1" ind2=" " tag="100"><subfield code="a">Spenke,Eberhard</subfield></datafield><datafield ind1="1" ind2="0" tag="245"><subfield code="a">Electronic semiconductors</subfield><subfield code="b">Translated with additions by d.a. jenny, h. kroemer, e.g. ramberg, a.h. sommer</subfield><subfield code="c">Eberhard spenke</subfield></datafield><datafield ind1=" " ind2=" " tag="260"><subfield code="a">New York</subfield><subfield code="b">Mcgraw-hill Book Company Inc</subfield><subfield code="c">1958</subfield></datafield><datafield ind1=" " ind2=" " tag="300"><subfield code="a">XXVI + 402 P</subfield></datafield><datafield ind1=" " ind2=" " tag="852"><subfield code="a">75268</subfield><subfield code="c">537.311.33</subfield></datafield><datafield ind1=" " ind2=" " tag="CAT"><subfield code="a">Sys</subfield><subfield code="c">20110801</subfield><subfield code="h">144148</subfield></datafield></record></collection>